% TODO faban
@inproceedings{hurryupccgrid,
  title={Profile-guided Frequency Scaling for Latency-Critical Search Workloads},
  author={de Medeiros, Daniel Ara{\'u}jo and das Merc{\^e}s Amorim, Denilson and Petrucci, Vinicius},
  booktitle={2021 IEEE/ACM 21st International Symposium on Cluster, Cloud and Internet Computing (CCGrid)},
  pages={304--313},
  year={2021},
  organization={IEEE}
}
